<record><leader>00000cas a22000007a 4500</leader><controlfield tag="001">9304795</controlfield><controlfield tag="008">830312d18791891iauwr ne      0   a0eng d</controlfield><controlfield tag="009">3770</controlfield><datafield ind1=" " ind2=" " tag="010"><subfield code="a">sn 83025191 </subfield></datafield><datafield ind1=" " ind2=" " tag="040"><subfield code="a">NPV</subfield><subfield code="b">eng</subfield><subfield code="c">NPV</subfield><subfield code="d">INP</subfield></datafield><datafield ind1="1" ind2=" " tag="029"><subfield code="a">AU@</subfield><subfield code="b">000025809431</subfield></datafield><datafield ind1=" " ind2=" " tag="042"><subfield code="a">msc</subfield></datafield><datafield ind1=" " ind2=" " tag="043"><subfield code="a">n-us-ia</subfield></datafield><datafield ind1=" " ind2=" " tag="045"><subfield code="a">w7w9</subfield></datafield><datafield ind1=" " ind2=" " tag="052"><subfield code="a">4153</subfield><subfield code="b">B7</subfield></datafield><datafield ind1="0" ind2="0" tag="245"><subfield code="a">Buchanan County journal.</subfield></datafield><datafield ind1=" " ind2=" " tag="260"><subfield code="a">Jesup, Buchanan County, Iowa :</subfield><subfield code="b">A.H. Farwell,</subfield><subfield code="c">1879-1891.</subfield></datafield><datafield ind1=" " ind2=" " tag="300"><subfield code="a">12 v. :</subfield><subfield code="b">ill. (chiefly adv.)</subfield></datafield><datafield ind1=" " ind2=" " tag="310"><subfield code="a">Weekly</subfield></datafield><datafield ind1="0" ind2=" " tag="362"><subfield code="a">Vol. 1, no. 1 (Oct. 10, 1879)-v. 12, no. 20 (Feb. 19, 1891).</subfield></datafield><datafield ind1=" " ind2=" " tag="500"><subfield code="a">Published in Jesup, Iowa, Oct. 10, 1879-Dec. 9, 1881; in Independence, Iowa, Dec. 23, 1881-Feb. 19, 1891.</subfield></datafield><datafield ind1=" " ind2=" " tag="500"><subfield code="a">"Republican." Cf. G.P. Rowell.  Amer. newspaper direct.</subfield></datafield><datafield ind1=" " ind2=" " tag="530"><subfield code="a">Available on microfilm from The State Historical Society of Wisconsin.</subfield></datafield><datafield ind1=" " ind2=" " tag="550"><subfield code="a">"Official paper of city and county."</subfield></datafield><datafield ind1=" " ind2=" " tag="752"><subfield code="a">United States</subfield><subfield code="b">Iowa</subfield><subfield code="c">Buchanan</subfield><subfield code="d">Independence.</subfield></datafield><datafield ind1=" " ind2=" " tag="752"><subfield code="a">United States</subfield><subfield code="b">Iowa</subfield><subfield code="c">Buchanan</subfield><subfield code="d">Jesup.</subfield></datafield><datafield ind1="0" ind2="7" tag="785"><subfield code="t">Buchanan County bulletin (Independence, Iowa : 1869)</subfield><subfield code="w">(DLC)sn 84027186</subfield></datafield><datafield ind1="0" ind2="7" tag="785"><subfield code="t">Independence bulletin-journal (Independence, Iowa : 1891)</subfield><subfield code="w">(DLC)sn 87058352</subfield></datafield></record>